@book{Heath:1996,
    author = {Heath, Michael T.},
    title = {{Scientific Computing: An Introductory Survey}},
    publisher = {McGraw-Hill Higher Education},
    year = {1996}
}



@article {grote:97,
    AUTHOR = {Grote, Marcus J. and Huckle, Thomas},
     TITLE = {Parallel preconditioning with sparse approximate inverses},
   JOURNAL = {SIAM J. Sci. Comput.},
  FJOURNAL = {SIAM Journal on Scientific Computing},
    VOLUME = {18},
      YEAR = {1997},
    NUMBER = {3},
     PAGES = {838--853}
}
